@article{358443,
 author = {Wile, David S.},
 title = {Program developments: formal explanations of implementations},
 journal = {Commun. ACM},
 volume = {26},
 number = {11},
 year = {1983},
 issn = {0001-0782},
 pages = {902--911},
 doi = {http://doi.acm.org/10.1145/182.358443},
 publisher = {ACM},
 address = {New York, NY, USA},
}

@inproceedings{232638,
 author = {Abadi, Mart\'{\i}n and Lampson, Butler and L\'{e}vy, Jean-Jacques},
 title = {Analysis and caching of dependencies},
 booktitle = {ICFP '96: Proceedings of the first ACM SIGPLAN international conference on Functional programming},
 year = {1996},
 isbn = {0-89791-770-7},
 pages = {83--91},
 location = {Philadelphia, Pennsylvania, United States},
 doi = {http://doi.acm.org/10.1145/232627.232638},
 publisher = {ACM},
 address = {New York, NY, USA},
 }

@inproceedings{1250770,
 author = {Shankar, Ajeet and Bod\'{\i}k, Rastislav},
 title = {DITTO: automatic incrementalization of data structure invariant checks (in Java)},
 booktitle = {PLDI '07: Proceedings of the 2007 ACM SIGPLAN conference on Programming language design and implementation},
 year = {2007},
 isbn = {978-1-59593-633-2},
 pages = {310--319},
 location = {San Diego, California, USA},
 doi = {http://doi.acm.org/10.1145/1250734.1250770},
 publisher = {ACM},
 address = {New York, NY, USA},
 }


@article{65005,
 author = {Borras, P. and Clement, D. and Despeyroux, Th. and Incerpi, J. and Kahn, G. and Lang, B. and Pascual, V.},
 title = {Centaur: the system},
 journal = {SIGPLAN Not.},
 volume = {24},
 number = {2},
 year = {1989},
 issn = {0362-1340},
 pages = {14--24},
 doi = {http://doi.acm.org/10.1145/64140.65005},
 publisher = {ACM},
 address = {New York, NY, USA},
 }

% Un papier tres proche de nos preoccupations mais qui propose un
% systeme moins expressifs, il me semble.
@inproceedings{1765733,
 author = {Erwig, Martin and Ren, Deling},
 title = {Type-safe update programming},
 booktitle = {ESOP'03: Proceedings of the 12th European conference on Programming},
 year = {2003},
 isbn = {3-540-00886-1},
 pages = {269--283},
 location = {Warsaw, Poland},
 publisher = {Springer-Verlag},
 address = {Berlin, Heidelberg},
 abstract= { Many software maintenance problems are caused by using
                  text editors to change programs. A more systematic
                  and reliable way of performing program updates is to
                  express changes with an update language. In
                  particular, updates should preserve the syntax- and
                  typecorrectness of the transformed object programs.
                  We describe an update calculus that can be used to
                  update lambdacalculus programs. We develop a type
                  system for the update language that infers the
                  possible type changes that can be caused by an
                  update program. We demonstrate that type-safe update
                  programs that fulfill certain structural constraints
                  preserve the type-correctness of lambda terms.  }
}

% Lui, il est encore plus fou que nous: si la definition d'un langage
% de programmation a ete modifiee, est-ce que je sais corriger les
% programmes? 
@article{151260,
 author = {Klint, P.},
 title = {A meta-environment for generating programming environments},
 journal = {ACM Trans. Softw. Eng. Methodol.},
 volume = {2},
 number = {2},
 year = {1993},
 issn = {1049-331X},
 pages = {176--201},
 doi = {http://doi.acm.org/10.1145/151257.151260},
 publisher = {ACM},
 address = {New York, NY, USA},
 }

@article{lakatos1964proofs,
  title={{Proofs and refutations (IV)}},
  author={Lakatos, I.},
  journal={The British Journal for the Philosophy of Science},
  volume={14},
  number={56},
  pages={296--342},
  year={1964},
  publisher={Br Soc Philosophy Sci}
}

@article{harper1993framework,
  title={{A framework for defining logics}},
  author={Harper, R. and Honsell, F. and Plotkin, G.},
  journal={Journal of the Association for Computing Machinery},
  volume=40,
  number=1,
  pages={143--184},
  year=1993
}

@inproceedings{necula1997efficient,
  title={Efficient representation and validation of proofs},
  author={Necula, G.C. and Lee, P.},
  booktitle={Logic in Computer Science, 1998. Proceedings. Thirteenth Annual IEEE Symposium on},
  pages={93--104},
  year={1997},
  organization={IEEE}
}

@article{baudis2009current,
  title={Current Concepts in Version Control Systems},
  url={http://pasky.or.cz/~pasky/paper-r1.pdf},
  journal={Development},
  author={Baudis, Petr},
  year={2009},
  pages={1--23}
}

@article{chacon2009git,
  title={Git Community Book},
  author={Chacon, S.},
  journal={The Git Community},
  url={http://book.git-scm.com/},
  year={2009}
}

@article{pfenning2001logical,
  title={Logical frameworks},
  author={Pfenning, F.},
  journal={Handbook of automated reasoning},
  volume={2},
  pages={1063--1147},
  year={2001}
}

@inproceedings{necula1997proof,
  title={Proof-carrying code},
  author={Necula, G.C.},
  booktitle={Proceedings of the 24th ACM SIGPLAN-SIGACT symposium on Principles of programming languages},
  pages={106--119},
  year={1997},
  organization={ACM}
}

@article{pfenning1988higher,
  title={Higher-order abstract syntax},
  author={Pfenning, F. and Elliot, C.},
  journal={ACM SIGPLAN Notices},
  volume={23},
  number={7},
  pages={199--208},
  year={1988},
  publisher={ACM}
}

@unpublished{pfenning2007term,
  author={Pfenning, F. and Simmons, R. J.},
  title={Term Representation},
  year=2007,
  note={Notes of the LF seminar, Meeting 1},
  url={http://www.cs.cmu.edu/~rjsimmon/papers/lf-meeting/meeting01.pdf}
}

@inproceedings{herbelin1995Î»,
  title={A $\lambda$-calculus structure isomorphic to Gentzen-style sequent calculus structure},
  author={Herbelin, H.},
  booktitle={Computer Science Logic},
  pages={61--75},
  year={1995},
  organization={Springer}
}

@article{hl07mechanizing,
  author = {Robert Harper and Daniel R. Licata},
  title = {Mechanizing Metatheory in a Logical Framework},
  journal = {Journal of Functional Programming},
  year = {2007}
}

@inproceedings{appel1999proof,
  title={Proof-carrying authentication},
  author={Appel, A.W. and Felten, E.W.},
  booktitle={Proceedings of the 6th ACM Conference on Computer and Communications Security},
  pages={52--62},
  year={1999},
  organization={ACM}
}

@article{nanevski2008contextual,
  title={Contextual modal type theory},
  author={Nanevski, A. and Pfenning, F. and Pientka, B.},
  journal={ACM Transactions on Computational Logic (TOCL)},
  volume={9},
  number={3},
  pages={23},
  year={2008},
  publisher={ACM}
}

@article{pierce2000local,
  title={Local type inference},
  author={Pierce, B.C. and Turner, D.N.},
  journal={ACM Transactions on Programming Languages and Systems (TOPLAS)},
  volume={22},
  number={1},
  pages={1--44},
  year={2000},
  publisher={ACM}
}

@article{miller2011proposal,
  title={A proposal for broad spectrum proof certificates},
  author={Miller, D.},
  journal={Certified Programs and Proofs},
  pages={54--69},
  year={2011},
  publisher={Springer}
}

@article{shao2010certified,
  title={Certified software},
  author={Shao, Z.},
  journal={Communications of the ACM},
  volume={53},
  number={12},
  pages={56--66},
  year={2010},
  publisher={ACM}
}

@inproceedings{pugh1989incremental,
  title={Incremental computation via function caching},
  author={Pugh, W. and Teitelbaum, T.},
  booktitle={Proceedings of the 16th ACM SIGPLAN-SIGACT symposium on Principles of programming languages},
  pages={315--328},
  year={1989},
  organization={ACM}
}

@article{acar2003selective,
  title={Selective memoization},
  author={Acar, U.A. and Blelloch, G.E. and Harper, R.},
  journal={ACM SIGPLAN Notices},
  volume={38},
  number={1},
  pages={14--25},
  year={2003},
  publisher={ACM}
}

@article{acar2002adaptive,
  title={Adaptive functional programming},
  author={Acar, U.A. and Blelloch, G.E. and Harper, R.},
  journal={ACM SIGPLAN Notices},
  volume={37},
  number={1},
  pages={247--259},
  year={2002},
  publisher={ACM}
}