@inproceedings{lee07,
 author = {Lee, Daniel K. and Crary, Karl and Harper, Robert},
 title = {Towards a mechanized metatheory of standard ML},
 booktitle = {POPL '07: Proceedings of the 34th annual ACM SIGPLAN-SIGACT symposium on Principles of programming languages},
 year = {2007},
 isbn = {1-59593-575-4},
 pages = {173--184},
 location = {Nice, France},
 doi = {http://doi.acm.org/10.1145/1190216.1190245},
 publisher = {ACM},
 address = {New York, NY, USA},
 }

@INPROCEEDINGS{Touzet05alinear,
    author = {Hélène Touzet},
    title = {A Linear Tree Edit Distance Algorithm for Similar Ordered Trees},
    booktitle = {Proc. of 16th Annual Symposium on Combinatorial Pattern Matching (CPM), Lecture Notes in Computer Science},
    year = {2005},
    pages = {334--345},
    publisher = {Springer Verlag}
}

@article{358443,
 author = {Wile, David S.},
 title = {Program developments: formal explanations of implementations},
 journal = {Commun. ACM},
 volume = {26},
 number = {11},
 year = {1983},
 issn = {0001-0782},
 pages = {902--911},
 doi = {http://doi.acm.org/10.1145/182.358443},
 publisher = {ACM},
 address = {New York, NY, USA},
}

@inproceedings{232638,
 author = {Abadi, Mart\'{\i}n and Lampson, Butler and L\'{e}vy, Jean-Jacques},
 title = {Analysis and caching of dependencies},
 booktitle = {ICFP '96: Proceedings of the first ACM SIGPLAN international conference on Functional programming},
 year = {1996},
 isbn = {0-89791-770-7},
 pages = {83--91},
 location = {Philadelphia, Pennsylvania, United States},
 doi = {http://doi.acm.org/10.1145/232627.232638},
 publisher = {ACM},
 address = {New York, NY, USA},
 }

@inproceedings{1250770,
 author = {Shankar, Ajeet and Bod\'{\i}k, Rastislav},
 title = {DITTO: automatic incrementalization of data structure invariant checks (in Java)},
 booktitle = {PLDI '07: Proceedings of the 2007 ACM SIGPLAN conference on Programming language design and implementation},
 year = {2007},
 isbn = {978-1-59593-633-2},
 pages = {310--319},
 location = {San Diego, California, USA},
 doi = {http://doi.acm.org/10.1145/1250734.1250770},
 publisher = {ACM},
 address = {New York, NY, USA},
 }


@article{65005,
 author = {Borras, P. and Clement, D. and Despeyroux, Th. and Incerpi, J. and Kahn, G. and Lang, B. and Pascual, V.},
 title = {Centaur: the system},
 journal = {SIGPLAN Not.},
 volume = {24},
 number = {2},
 year = {1989},
 issn = {0362-1340},
 pages = {14--24},
 doi = {http://doi.acm.org/10.1145/64140.65005},
 publisher = {ACM},
 address = {New York, NY, USA},
 }

% Un papier tres proche de nos preoccupations mais qui propose un
% systeme moins expressifs, il me semble.
@inproceedings{1765733,
 author = {Erwig, Martin and Ren, Deling},
 title = {Type-safe update programming},
 booktitle = {ESOP'03: Proceedings of the 12th European conference on Programming},
 year = {2003},
 isbn = {3-540-00886-1},
 pages = {269--283},
 location = {Warsaw, Poland},
 publisher = {Springer-Verlag},
 address = {Berlin, Heidelberg},
 abstract= { Many software maintenance problems are caused by using
                  text editors to change programs. A more systematic
                  and reliable way of performing program updates is to
                  express changes with an update language. In
                  particular, updates should preserve the syntax- and
                  typecorrectness of the transformed object programs.
                  We describe an update calculus that can be used to
                  update lambdacalculus programs. We develop a type
                  system for the update language that infers the
                  possible type changes that can be caused by an
                  update program. We demonstrate that type-safe update
                  programs that fulfill certain structural constraints
                  preserve the type-correctness of lambda terms.  }
}

% Lui, il est encore plus fou que nous: si la definition d'un langage
% de programmation a ete modifiee, est-ce que je sais corriger les
% programmes? 
@article{151260,
 author = {Klint, P.},
 title = {A meta-environment for generating programming environments},
 journal = {ACM Trans. Softw. Eng. Methodol.},
 volume = {2},
 number = {2},
 year = {1993},
 issn = {1049-331X},
 pages = {176--201},
 doi = {http://doi.acm.org/10.1145/151257.151260},
 publisher = {ACM},
 address = {New York, NY, USA},
 }

@article{lakatos1964proofs,
  title={{Proofs and refutations (IV)}},
  author={Lakatos, I.},
  journal={The British Journal for the Philosophy of Science},
  volume={14},
  number={56},
  pages={296--342},
  year={1964},
  publisher={Br Soc Philosophy Sci}
}

@article{harper1993framework,
  title={{A framework for defining logics}},
  author={Harper, R. and Honsell, F. and Plotkin, G.},
  journal={Journal of the Association for Computing Machinery},
  volume=40,
  number=1,
  pages={143--184},
  year=1993
}

@MANUAL{CoqDocWeb,
  author = {The {C}oq {D}evelopment {T}eam},
  title = {The Coq Proof Assistant Reference Manual Version~8.2},
  organization = {INRIA},
  month = {December},
  year = {2008},
  note = {\\{\sf http://coq.inria.fr/doc-eng.html}},
}

@article{pfenning1999system,
  title={{System description: Twelf -- a meta-logical framework for deductive systems}},
  author={Pfenning, F. and Sch{\"u}rmann, C.},
  journal={Lecture Notes in Computer Science},
  pages={202--206},
  year=1999,
  publisher={Springer}
}

@article{AspertiCTZ07,
  author    = {Andrea Asperti and
               Claudio Sacerdoti Coen and
               Enrico Tassi and
               Stefano Zacchiroli},
  title     = {User Interaction with the Matita Proof Assistant},
  journal   = {J. Autom. Reasoning},
  volume    = {39},
  number    = {2},
  year      = {2007},
  pages     = {109-139},
  ee        = {http://dx.doi.org/10.1007/s10817-007-9070-5},
  bibsource = {DBLP, http://dblp.uni-trier.de}
}

@phdthesis{anderson1993program,
  title={{Program Derivation by Proof Transformation}},
  author={Anderson, P.},
  school={CMU},
  year=1993,
}

@article{asperti2006content,
  title={{A content based mathematical search engine: Whelp}},
  author={Asperti, A. and Guidi, F. and Coen, C.S. and Tassi, E. and Zacchiroli, S.},
  journal={Lecture Notes in Computer Science},
  volume={3839},
  pages={17--32},
  year={2006},
  publisher={Springer}
}

@article{kohlhase2001mbase,
  title={{MBase: Representing knowledge and context for the integration of mathematical software systems}},
  author={Kohlhase, M. and Franke, A.},
  journal={Journal of Symbolic Computation},
  volume={32},
  number={4},
  pages={365--402},
  year={2001},
  publisher={Elsevier}
}

@conference{hutter2000management,
  title={{Management of change in structured verification}},
  author={Hutter, D.},
  booktitle={Proceedings 15th IEEE International Conference on Automated Software Engineering},
  pages={23--34},
  year={2000},
  organization={Citeseer}
}

@conference{muller2008fine,
  title={{Fine-Granular Version Control \& Redundancy Resolution}},
  author={M{\"u}ller, N. and Kohlhase, M.},
  booktitle={LWA Conference Proceedings (FGWM)},
  pages={1--8},
  year={2008}
}

@article{autexier2000towards,
  title={{Towards an evolutionary formal software-development using CASL}},
  author={Autexier, S. and Hutter, D. and Mantel, H. and Schairer, A.},
  journal={Lecture Notes In Computer Science},
  pages={73--88},
  year={2000},
  publisher={Springer}
}

@conference{andersen2008generic,
  title={{Generic Patch Inference}},
  author={Andersen, J. and Lawall, J.L.},
  booktitle={23rd IEEE/ACM International Conference on Automated Software Engineering, 2008. ASE 2008},
  pages={337--346},
  year={2008}
}

@article{padioleau2008documenting,
  title={{Documenting and automating collateral evolutions in Linux device drivers}},
  author={Padioleau, Y. and Lawall, J. and Hansen, R.R. and Muller, G.},
  journal={ACM SIGOPS Operating Systems Review},
  volume=42,
  number=4,
  pages={247--260},
  year=2008,
  publisher={ACM}

}